<?xml version="1.0" encoding="UTF-8"?>
<collection xmlns:xsi="http://www.w3.org/2001/XMLSchema-instance" xsi:schemaLocation="http://www.loc.gov/MARC21/slim http://www.loc.gov/standards/marcxml/schema/MARC21slim.xsd" xmlns="http://www.loc.gov/MARC21/slim">
<record>
  <leader>02182cam a2200469Li 4500</leader>
  <controlfield tag="001">3279361</controlfield>
  <controlfield tag="003">NNC</controlfield>
  <controlfield tag="005">20160718165004.0</controlfield>
  <controlfield tag="008">010831s1861    ir            000 p ara d</controlfield>
  <datafield tag="035" ind1=" " ind2=" ">
    <subfield code="a">(OCoLC)ocm47890420</subfield>
  </datafield>
  <datafield tag="035" ind1=" " ind2=" ">
    <subfield code="a">(OCoLC)47890420</subfield>
  </datafield>
  <datafield tag="035" ind1=" " ind2=" ">
    <subfield code="a">(NNC)3279361</subfield>
  </datafield>
  <datafield tag="040" ind1=" " ind2=" ">
    <subfield code="a">ZCU</subfield>
    <subfield code="b">eng</subfield>
    <subfield code="e">rda</subfield>
    <subfield code="c">ZCU</subfield>
    <subfield code="d">OCLCQ</subfield>
    <subfield code="d">OCLCO</subfield>
    <subfield code="d">OCLCF</subfield>
    <subfield code="d">UUM</subfield>
    <subfield code="d">OCLCO</subfield>
    <subfield code="d">OCL</subfield>
  </datafield>
  <datafield tag="041" ind1="0" ind2=" ">
    <subfield code="a">araper</subfield>
  </datafield>
  <datafield tag="090" ind1=" " ind2=" ">
    <subfield code="a">PJ7632.I8</subfield>
    <subfield code="b">T84 1861</subfield>
  </datafield>
  <datafield tag="245" ind1="0" ind2="0">
    <subfield code="6">880-01</subfield>
    <subfield code="a">Tuḥfat al-Nāṣirīyah fī funūn al-adabīyah.</subfield>
  </datafield>
  <datafield tag="246" ind1="3" ind2=" ">
    <subfield code="6">880-02</subfield>
    <subfield code="a">Kitāb Tuḥfat al-Nāṣirīyah fī funūn al-adabīyah</subfield>
  </datafield>
  <datafield tag="246" ind1="3" ind2=" ">
    <subfield code="6">880-03</subfield>
    <subfield code="a">Hādhā Kitāb Tuḥfat al-Nāṣirīyah fī funūn al-adabīyah</subfield>
  </datafield>
  <datafield tag="264" ind1=" " ind2="1">
    <subfield code="a">[Ṭihrān],</subfield>
    <subfield code="c">1278 [1861 or 1862]</subfield>
  </datafield>
  <datafield tag="300" ind1=" " ind2=" ">
    <subfield code="a">626 pages ;</subfield>
    <subfield code="c">35 cm.</subfield>
  </datafield>
  <datafield tag="336" ind1=" " ind2=" ">
    <subfield code="a">text</subfield>
    <subfield code="b">txt</subfield>
    <subfield code="2">rdacontent</subfield>
  </datafield>
  <datafield tag="337" ind1=" " ind2=" ">
    <subfield code="a">unmediated</subfield>
    <subfield code="b">n</subfield>
    <subfield code="2">rdamedia</subfield>
  </datafield>
  <datafield tag="338" ind1=" " ind2=" ">
    <subfield code="a">volume</subfield>
    <subfield code="b">nc</subfield>
    <subfield code="2">rdacarrier</subfield>
  </datafield>
  <datafield tag="500" ind1=" " ind2=" ">
    <subfield code="a">Lithographed.</subfield>
  </datafield>
  <datafield tag="546" ind1=" " ind2=" ">
    <subfield code="a">Arabic poems with interlinear Persian version.</subfield>
  </datafield>
  <datafield tag="650" ind1=" " ind2="0">
    <subfield code="a">Arabic poetry.</subfield>
  </datafield>
  <datafield tag="650" ind1=" " ind2="0">
    <subfield code="a">Arabic poetry</subfield>
    <subfield code="v">Translations into Persian.</subfield>
  </datafield>
  <datafield tag="650" ind1=" " ind2="0">
    <subfield code="a">Islamic poetry, Arabic.</subfield>
  </datafield>
  <datafield tag="650" ind1=" " ind2="0">
    <subfield code="a">Islamic poetry, Arabic</subfield>
    <subfield code="v">Translations into Persian.</subfield>
  </datafield>
  <datafield tag="650" ind1=" " ind2="0">
    <subfield code="a">Shiite poetry, Arabic.</subfield>
  </datafield>
  <datafield tag="650" ind1=" " ind2="0">
    <subfield code="a">Shiite poetry, Arabic</subfield>
    <subfield code="v">Translations into Persian.</subfield>
  </datafield>
  <datafield tag="650" ind1=" " ind2="7">
    <subfield code="a">Arabic poetry.</subfield>
    <subfield code="2">fast</subfield>
    <subfield code="0">(OCoLC)fst00812533</subfield>
  </datafield>
  <datafield tag="650" ind1=" " ind2="7">
    <subfield code="a">Islamic poetry, Arabic.</subfield>
    <subfield code="2">fast</subfield>
    <subfield code="0">(OCoLC)fst00980001</subfield>
  </datafield>
  <datafield tag="650" ind1=" " ind2="7">
    <subfield code="a">Shiite poetry, Arabic.</subfield>
    <subfield code="2">fast</subfield>
    <subfield code="0">(OCoLC)fst01115972</subfield>
  </datafield>
  <datafield tag="655" ind1=" " ind2="7">
    <subfield code="a">Translations.</subfield>
    <subfield code="2">fast</subfield>
    <subfield code="0">(OCoLC)fst01423791</subfield>
  </datafield>
  <datafield tag="700" ind1="1" ind2=" ">
    <subfield code="6">880-04</subfield>
    <subfield code="a">Iṣfahānī, Abū al-Qāsim ibn Muḥammad,</subfield>
    <subfield code="d">active 19th century,</subfield>
    <subfield code="e">compiler.</subfield>
  </datafield>
  <datafield tag="776" ind1="0" ind2="8">
    <subfield code="i">Online version:</subfield>
    <subfield code="a">Iṣfahānī, Abū al-Qāsim ibn Muḥammad, 19th cent.</subfield>
    <subfield code="t">Tuḥfat al-Nāṣirīyah fī funūn al-adabīyah.</subfield>
    <subfield code="d">[Ṭihrān, 1278 h., 1861 m.]</subfield>
    <subfield code="w">(OCoLC)654022129</subfield>
  </datafield>
  <datafield tag="880" ind1="0" ind2="0">
    <subfield code="6">245-01/r</subfield>
    <subfield code="a">تحفة الناصرية في فنون الادبية.</subfield>
  </datafield>
  <datafield tag="880" ind1="3" ind2=" ">
    <subfield code="6">246-02/r</subfield>
    <subfield code="a">كتاب تحفة الناصرية في فنون الادبية</subfield>
  </datafield>
  <datafield tag="880" ind1="3" ind2=" ">
    <subfield code="6">246-03/r</subfield>
    <subfield code="a">هذا كتاب تحفة الناصرية في فنون الادبية</subfield>
  </datafield>
  <datafield tag="880" ind1="1" ind2=" ">
    <subfield code="6">700-04/r</subfield>
    <subfield code="a">اصفهاني، ابو القاسم بن محمد,</subfield>
    <subfield code="d">active 19th century.</subfield>
  </datafield>
  <datafield tag="955" ind1=" " ind2=" ">
    <subfield code="b">CU59008792</subfield>
    <subfield code="d">off,glx</subfield>
    <subfield code="e">893.782 R18</subfield>
  </datafield>
</record>
</collection>